@misc{cran,
  title        = {The Comprehensive {\rm R} Archive Network (CRAN)},
  howpublished = {\url{https://cran.r-project.org}},
  note         = {last accessed: 23/08/2025}
}

@inproceedings{Pinto,
  author       = {Pinto, Gustavo and De Souza, Cleidson and Rocha, Thayssa and Steinmacher, Igor and Souza, Alberto and Monteiro, Edward},
  title        = {Developer Experiences with a Contextualized AI Coding Assistant: Usability, Expectations, and Outcomes},
  booktitle    = {Proceedings of the 2024 IEEE/ACM 3rd International Conference on AI Engineering – Software Engineering for AI (CAIN 2024)},
  pages        = {81--91},
  year         = {2024},
  publisher    = {Association for Computing Machinery},
  doi          = {10.1145/3644815.3644949},
  note         = {Discovered via CAIN 2024 conference page at: \url{https://conf.researchr.org/details/cain-2024/cain-2024-call-for-papers/9/Developer-Experiences-with-a-Contextualized-AI-Coding-Assistant-Usability-Expectati} (last accessed: 23/08/2025)}
}

@inproceedings{Vonderhaar,
  author       = {Vonderhaar, Lynn and Elvira, Timothy and Ochoa, Omar},
  title        = {Generating and Verifying Synthetic Datasets with Requirements Engineering},
  booktitle    = {Proceedings of the 2025 IEEE/ACM 4th International Conference on AI Engineering – Software Engineering for AI (CAIN 2025)},
  pages        = {212--221},
  year         = {2025},
  publisher    = {IEEE/ACM},
  doi          = {10.1109/CAIN66642.2025.00032},
  note         = {Discovered via CAIN 2025 conference page at: \url{https://conf.researchr.org/details/cain-2025/cain-2025-call-for-papers/11/Generating-and-Verifying-Synthetic-Datasets-with-Requirements-Engineering} (last accessed: 23/08/2025)}
}

@misc{Hopsworks,
  title        = {Hopsworks},
  howpublished = {\url{https://www.hopsworks.ai}},
  note         = {last accessed: 23/08/2025}
}